<collection xmlns="http://www.loc.gov/MARC21/slim">
<record>
  <leader>02411nam0a2200349 i 450 </leader>
  <controlfield tag="001">IT\ICCU\CNCE\048728</controlfield>
  <controlfield tag="005">20071113000000.0</controlfield>
  <datafield tag="012" ind1=" " ind2=" ">
    <subfield code="a">e-l- 21ue n.e. trni (3) 1586 (A)</subfield>
    <subfield code="2">fei</subfield>
  </datafield>
  <datafield tag="100" ind1=" " ind2=" ">
    <subfield code="a">19990624d1586        0itac0103    ba</subfield>
  </datafield>
  <datafield tag="101" ind1=" " ind2=" ">
    <subfield code="a">ITA</subfield>
  </datafield>
  <datafield tag="102" ind1=" " ind2=" ">
    <subfield code="a">IT</subfield>
  </datafield>
  <datafield tag="200" ind1="1" ind2=" ">
    <subfield code="a">Sermoni di tutte le domeniche, et principali feste dell&apos;anno, et delle consolationi della morte, del r.p. Aurelio Filucci da Pesaro, dell&apos;Ordine di s. Agostino. Con un breue discorso del timor d&apos;Iddio. Nelle quali con ragioni efficaci si mostra meglio esser la morte che la vita. Con due tauole, l&apos;una delle domeniche, et principali feste dell&apos;anno, l&apos;altra delle consolationi della morte</subfield>
  </datafield>
  <datafield tag="210" ind1=" " ind2=" ">
    <subfield code="a">In Venetia</subfield>
    <subfield code="c">appresso Giouachino Brugnolo</subfield>
    <subfield code="d">1586</subfield>
    <subfield code="e">In Venetia</subfield>
    <subfield code="g">appresso Giouachino &amp; Valerio Brugnuolo &amp; fratelli. All&apos;insegna della Porta</subfield>
    <subfield code="h">1586</subfield>
  </datafield>
  <datafield tag="215" ind1=" " ind2=" ">
    <subfield code="a">\16!, 189, \3! p., 92 c.</subfield>
    <subfield code="d">ill</subfield>
    <subfield code="c">8ʻ</subfield>
  </datafield>
  <datafield tag="300" ind1=" " ind2=" ">
    <subfield code="a">A c M7v altro coloph.:  (In Venetia : appresso Domenico, &amp; Gio. Battista Guerra, fratelli : ad instantia di Giouachino Brugnuolo, 1586)</subfield>
  </datafield>
  <datafield tag="620" ind1=" " ind2=" ">
    <subfield code="a">IT</subfield>
    <subfield code="d">Venezia</subfield>
  </datafield>
  <datafield tag="700" ind1=" " ind2="1">
    <subfield code="a">Filucci,</subfield>
    <subfield code="b">Aurelio</subfield>
    <subfield code="3">IT\ICCU\CNCA\005398</subfield>
  </datafield>
  <datafield tag="712" ind1="0" ind2="0">
    <subfield code="a">Brugnolo, Gioacchino</subfield>
    <subfield code="3">IT\ICCU\CNCT\000273</subfield>
    <subfield code="4">650</subfield>
  </datafield>
  <datafield tag="712" ind1="0" ind2="0">
    <subfield code="a">Guerra, Domenico &amp; Guerra, Giovanni Battista</subfield>
    <subfield code="3">IT\ICCU\CNCT\000155</subfield>
    <subfield code="4">650</subfield>
  </datafield>
  <datafield tag="712" ind1="0" ind2="0">
    <subfield code="a">Brugnolo, Gioacchino &amp; Brugnolo, Valerio &amp; fratelli</subfield>
    <subfield code="3">IT\ICCU\CNCT\003453</subfield>
    <subfield code="4">650</subfield>
  </datafield>
  <datafield tag="790" ind1=" " ind2="1">
    <subfield code="a">Figliucci,</subfield>
    <subfield code="b">Aurelio</subfield>
    <subfield code="3">IT\ICCU\CNCA\019270</subfield>
    <subfield code="z">Filucci, Aurelio</subfield>
  </datafield>
  <datafield tag="791" ind1="0" ind2="0">
    <subfield code="a">Bruniolus, Ioachimus</subfield>
    <subfield code="3">IT\ICCU\CNCT\003065</subfield>
    <subfield code="z">Brugnolo, Gioacchino</subfield>
  </datafield>
  <datafield tag="791" ind1="0" ind2="0">
    <subfield code="a">Brognolo, Giovachino</subfield>
    <subfield code="3">IT\ICCU\CNCT\004785</subfield>
    <subfield code="z">Brugnolo, Gioacchino</subfield>
  </datafield>
  <datafield tag="791" ind1="0" ind2="2">
    <subfield code="a">℗al segno della ℗Porta</subfield>
    <subfield code="3">IT\ICCU\CNCT\006440</subfield>
    <subfield code="z">Brugnolo, Gioacchino</subfield>
  </datafield>
  <datafield tag="791" ind1="0" ind2="2">
    <subfield code="a">Guerraei fratres</subfield>
    <subfield code="3">IT\ICCU\CNCT\005074</subfield>
    <subfield code="z">Guerra, Domenico &amp; Guerra, Giovanni Battista</subfield>
  </datafield>
  <datafield tag="791" ind1="0" ind2="2">
    <subfield code="a">Guerri</subfield>
    <subfield code="3">IT\ICCU\CNCT\005076</subfield>
    <subfield code="z">Guerra, Domenico &amp; Guerra, Giovanni Battista</subfield>
  </datafield>
  <datafield tag="791" ind1="0" ind2="0">
    <subfield code="a">Brugnolo, Valerio</subfield>
    <subfield code="3">IT\ICCU\CNCT\003454</subfield>
    <subfield code="z">Brugnolo, Gioacchino &amp; Brugnolo, Valerio &amp; fratelli</subfield>
  </datafield>
  <datafield tag="801" ind1=" " ind2="3">
    <subfield code="a">IT</subfield>
    <subfield code="b">ICCU</subfield>
    <subfield code="c">20201115</subfield>
  </datafield>
  <datafield tag="899" ind1=" " ind2=" ">
    <subfield code="a">Biblioteca universitaria Alessandrina. Roma</subfield>
    <subfield code="1">RM0280</subfield>
    <subfield code="2">RML 01</subfield>
  </datafield>
  <datafield tag="899" ind1=" " ind2=" ">
    <subfield code="a">Biblioteca civica Renato Bortoli. Schio</subfield>
    <subfield code="z">MUTILO</subfield>
    <subfield code="1">VI0073</subfield>
    <subfield code="2">ZVI 04</subfield>
  </datafield>
  <datafield tag="911" ind1=" " ind2=" ">
    <subfield code="a">sul front.</subfield>
    <subfield code="9">IT\ICCU\CNCM\000220</subfield>
  </datafield>
  <datafield tag="921" ind1=" " ind2=" ">
    <subfield code="a">IT\ICCU\CNCM\000220</subfield>
    <subfield code="b">Porta con arco attraverso la quale passa un uomo recante sotto braccio due assi con il motto.</subfield>
    <subfield code="e">Libertatem meam mecum porto.</subfield>
    <subfield code="c">V300</subfield>
    <subfield code="d">Dimensioni: 3 x 3,5</subfield>
    <subfield code="f">ASSI</subfield>
    <subfield code="f">LIBERTATEM</subfield>
    <subfield code="f">PORTA</subfield>
    <subfield code="f">UOMO</subfield>
    <subfield code="g">1582-1599</subfield>
  </datafield>
</record>
</collection>
